<record><leader>00000cas a22000007a 4500</leader><controlfield tag="001">48685490</controlfield><controlfield tag="008">020102d19882001azuwr ne      0   a0eng d</controlfield><datafield ind1=" " ind2=" " tag="010"><subfield code="a">sn2002060002</subfield></datafield><datafield ind1=" " ind2=" " tag="040"><subfield code="a">ANN</subfield><subfield code="b">eng</subfield><subfield code="c">ANN</subfield><subfield code="d">OCLCQ</subfield><subfield code="d">OCLCF</subfield><subfield code="d">OCLCO</subfield><subfield code="d">OCLCA</subfield></datafield><datafield ind1="1" ind2=" " tag="029"><subfield code="a">AU@</subfield><subfield code="b">000023291862</subfield></datafield><datafield ind1=" " ind2=" " tag="042"><subfield code="a">msc</subfield></datafield><datafield ind1=" " ind2=" " tag="043"><subfield code="a">n-us-az</subfield></datafield><datafield ind1="0" ind2="4" tag="245"><subfield code="a">The Round Valley paper.</subfield></datafield><datafield ind1=" " ind2=" " tag="260"><subfield code="a">Eagar, Ariz. :</subfield><subfield code="b">[J. George]</subfield></datafield><datafield ind1=" " ind2=" " tag="300"><subfield code="a">v. :</subfield><subfield code="b">ill.</subfield></datafield><datafield ind1=" " ind2=" " tag="310"><subfield code="a">Weekly (except Christmas)</subfield></datafield><datafield ind1="1" ind2=" " tag="362"><subfield code="a">Began in 1988.</subfield></datafield><datafield ind1="0" ind2=" " tag="362"><subfield code="a">-14th yr., issue 679 (Dec. 19, 2001).</subfield></datafield><datafield ind1=" " ind2=" " tag="500"><subfield code="a">Publishers: Glenn and Dorothy Jacobs, &lt;1990&gt;- ; Jacobs Family Trust, &lt;1998&gt;-</subfield></datafield><datafield ind1=" " ind2=" " tag="588"><subfield code="a">Description based on: Vol. 2, no. 17 (Apr. 26, 1989).</subfield></datafield><datafield ind1=" " ind2="0" tag="651"><subfield code="a">Eagar (Ariz.)</subfield><subfield code="v">Newspapers.</subfield></datafield><datafield ind1=" " ind2="0" tag="651"><subfield code="a">Apache County (Ariz.)</subfield><subfield code="v">Newspapers.</subfield></datafield><datafield ind1=" " ind2="4" tag="651"><subfield code="a">Round Valley (Ariz.)</subfield><subfield code="v">Newspapers.</subfield></datafield><datafield ind1=" " ind2="7" tag="655"><subfield code="a">Newspapers.</subfield><subfield code="2">fast</subfield><subfield code="0">(OCoLC)fst01423814</subfield></datafield><datafield ind1=" " ind2="7" tag="651"><subfield code="a">Arizona</subfield><subfield code="z">Apache County.</subfield><subfield code="2">fast</subfield><subfield code="0">(OCoLC)fst01217372</subfield></datafield><datafield ind1=" " ind2="7" tag="651"><subfield code="a">Arizona</subfield><subfield code="z">Eagar.</subfield><subfield code="2">fast</subfield><subfield code="0">(OCoLC)fst01226554</subfield></datafield><datafield ind1=" " ind2=" " tag="752"><subfield code="a">United States</subfield><subfield code="b">Arizona</subfield><subfield code="c">Apache</subfield><subfield code="d">Eagar.</subfield></datafield><datafield ind1="0" ind2="0" tag="785"><subfield code="t">Apache County reporter</subfield><subfield code="w">(DLC)sn2002060051</subfield></datafield></record>